@article {disconzi-shao-simonett,
    AUTHOR = {Disconzi, Marcelo and Shao, Yuanzhen and Simonett, Gieri},
     TITLE = {Some remarks on uniformly regular {R}iemannian manifolds},
   JOURNAL = {Math. Nachr.},
  FJOURNAL = {Mathematische Nachrichten},
    VOLUME = {289},
      YEAR = {2016},
    NUMBER = {2-3},
     PAGES = {232--242},
      ISSN = {0025-584X,1522-2616},
   MRCLASS = {58A05 (35R01 53C20)},
  MRNUMBER = {3458304},
MRREVIEWER = {Hossein\ Movahedi-Lankarani},
       DOI = {10.1002/mana.201400354},
       URL = {https://doi.org/10.1002/mana.201400354},
}

@book {jost,
    AUTHOR = {Jost, J.},
     TITLE = {Harmonic mappings between {R}iemannian manifolds},
    SERIES = {Proceedings of the Centre for Mathematical Analysis,
              Australian National University},
    VOLUME = {4},
 %PUBLISHER = {Australian National University, Centre for Mathematical Analysis, Canberra},
      YEAR = {1984},
     %PAGES = {iv+177},
      ISBN = {0-86784-403-5},
   MRCLASS = {58E20 (35J99 53C20)},
  MRNUMBER = {756629},
MRREVIEWER = {H.\ C. J. Sealey},
}

@article {hume-sisto,
    AUTHOR = {Hume, D. and Sisto, A.},
     TITLE = {Groups with no coarse embeddings into hyperbolic groups},
   JOURNAL = {New York J. Math.},
  FJOURNAL = {New York Journal of Mathematics},
    VOLUME = {23},
      YEAR = {2017},
     PAGES = {1657--1670},
      ISSN = {1076-9803},
   MRCLASS = {20F67 (20F65)},
  MRNUMBER = {3741855},
MRREVIEWER = {Tullia\ Dymarz},
       URL = {http://nyjm.albany.edu:8000/j/2017/23_1657.html},
}

@article {kallen,
    AUTHOR = {K\"{a}ll\'{e}n, A.},
     TITLE = {Isometric embedding of a smooth compact manifold with a metric
              of low regularity},
   JOURNAL = {Ark. Mat.},
  FJOURNAL = {Arkiv f\"{o}r Matematik},
    VOLUME = {16},
      YEAR = {1978},
    NUMBER = {1},
     PAGES = {29--50},
      ISSN = {0004-2080,1871-2487},
   MRCLASS = {53C40 (58D10)},
  MRNUMBER = {499136},
MRREVIEWER = {M.\ L.\ Gromov},
       DOI = {10.1007/BF02385981},
       URL = {https://doi.org/10.1007/BF02385981},
}

@inproceedings {krauthgamer-lee0,
    AUTHOR = {Krauthgamer, R. and Lee, J. R.},
     TITLE = {The intrinsic dimensionality of graphs},
 BOOKTITLE = {Proceedings of the {T}hirty-{F}ifth {A}nnual {ACM} {S}ymposium
              on {T}heory of {C}omputing},
     PAGES = {438--447},
 PUBLISHER = {ACM, New York},
      YEAR = {2003},
   MRCLASS = {05C12 (68R10)},
  MRNUMBER = {2120459},
       DOI = {10.1145/780542.780607},
       URL = {https://doi.org/10.1145/780542.780607},
}

Krauthgamer, Robert and Lee, James R.

@article {krauthgamer-lee1,
    AUTHOR = {Krauthgamer, R. and Lee, J. R.},
     TITLE = {The intrinsic dimensionality of graphs},
   JOURNAL = {Combinatorica},
  FJOURNAL = {Combinatorica. An International Journal on Combinatorics and
              the Theory of Computing},
    VOLUME = {27},
      YEAR = {2007},
    NUMBER = {5},
     PAGES = {551--585},
      ISSN = {0209-9683},
   MRCLASS = {05C62},
  MRNUMBER = {2375717},
MRREVIEWER = {Hiroshi Maehara},
       DOI = {10.1007/s00493-007-2183-y},
       URL = {https://doi.org/10.1007/s00493-007-2183-y},
}

@article {lehner,
    AUTHOR = {Lehner, F.},
     TITLE = {A note on classes of subgraphs of locally finite graphs},
   JOURNAL = {J. Combin. Theory Ser. B},
  FJOURNAL = {Journal of Combinatorial Theory. Series B},
    VOLUME = {161},
      YEAR = {2023},
     PAGES = {52--62},
      ISSN = {0095-8956,1096-0902},
   MRCLASS = {05C63 (05C75)},
  MRNUMBER = {4553001},
       DOI = {10.1016/j.jctb.2023.02.001},
       URL = {https://doi.org/10.1016/j.jctb.2023.02.001},
}

@article {guenther,
    AUTHOR = {G\"{u}nther, M.},
     TITLE = {Zum {E}inbettungssatz von {J}. {N}ash},
   JOURNAL = {Math. Nachr.},
  FJOURNAL = {Mathematische Nachrichten},
    VOLUME = {144},
      YEAR = {1989},
     PAGES = {165--187},
      ISSN = {0025-584X},
   MRCLASS = {58C15 (53C42)},
  MRNUMBER = {1037168},
MRREVIEWER = {Helmut Kaul},
       DOI = {10.1002/mana.19891440113},
       URL = {https://doi.org/10.1002/mana.19891440113},
}

@book{eldering2013,
  title={Normally hyperbolic invariant manifolds: the noncompact case},
  author={Eldering, J.},
  SERIES ={Atlantis Series in Dynamical Systems},
  VOLUME={2},
  year={2013},
  publisher={Springer}
}

@article {nash,
    AUTHOR = {Nash, J.},
     TITLE = {The imbedding problem for {R}iemannian manifolds},
   JOURNAL = {Ann. of Math. (2)},
  FJOURNAL = {Annals of Mathematics. Second Series},
    VOLUME = {63},
      YEAR = {1956},
     PAGES = {20--63},
      ISSN = {0003-486X},
   MRCLASS = {53.1X},
  MRNUMBER = {75639},
MRREVIEWER = {J.\ Schwartz},
       DOI = {10.2307/1969989},
       URL = {https://doi.org/10.2307/1969989},
}


@article{petrunin2023,
      title={Gromov's tori are optimal}, 
      author={A. Petrunin},
      year={2023},
      eprint={2304.00886},
      archivePrefix={arXiv},
      primaryClass={math.DG}
}

@MISC {124840,
    TITLE = {Does a Riemannian manifold with bounded geometry admit an isometric proper embedding into Euclidean space with uniformly thick tubular neighborhood?},
    AUTHOR = {P. Michor},
    HOWPUBLISHED = {MathOverflow},
    %NOTE = {URL:https://mathoverflow.net/q/124840 (version: 2022-12-13)},
    EPRINT = {https://mathoverflow.net/q/124840},
    URL = {https://mathoverflow.net/q/124840}
}

@MISC {462670,
    TITLE = {Universal graph},
    AUTHOR = {F. Petrov},
    HOWPUBLISHED = {MathOverflow},
    %NOTE = {URL:https://mathoverflow.net/q/462670 (version: 2024-01-22)},
    EPRINT = {https://mathoverflow.net/q/462670},
    URL = {https://mathoverflow.net/q/462670}
}

@book {cheeger-ebin,
    AUTHOR = {Cheeger, J. and Ebin, D.},
     TITLE = {Comparison theorems in {R}iemannian geometry},
    SERIES = {North-Holland Mathematical Library},
    VOLUME = {Vol. 9},
 PUBLISHER = {North-Holland Publishing Co., Amsterdam-Oxford; American
              Elsevier Publishing Co., Inc., New York},
      YEAR = {1975},
     PAGES = {viii+174},
   MRCLASS = {53C20 (58E10)},
  MRNUMBER = {458335},
MRREVIEWER = {N.\ J.\ Hicks},
}

@article {sabitov-shefel,
    AUTHOR = {Sabitov, I. H. and Shefel, S. Z.},
     TITLE = {Connections between the order of smoothness of a surface and that of its metric},
   JOURNAL = {Sibirsk. Mat. \v{Z}.},
  FJOURNAL = {Akademija Nauk SSSR. Sibirskoe Otdelenie. Sibirski\u{\i} Matemati\v{c}eski\u{\i} \v{Z}urnal},
    VOLUME = {17},
      YEAR = {1976},
    NUMBER = {4},
     PAGES = {916--925},
      ISSN = {0037-4474},
   MRCLASS = {53C45},
  MRNUMBER = {425855},
MRREVIEWER = {A.\ V.\ Pogorelov},
}

@article {deturck-kazdan,
    AUTHOR = {DeTurck, D. and Kazdan, J.},
     TITLE = {Some regularity theorems in {R}iemannian geometry},
   JOURNAL = {Ann. Sci. \'{E}cole Norm. Sup. (4)},
  FJOURNAL = {Annales Scientifiques de l'\'{E}cole Normale Sup\'{e}rieure.
              Quatri\`eme S\'{e}rie},
    VOLUME = {14},
      YEAR = {1981},
    NUMBER = {3},
     PAGES = {249--260},
      ISSN = {0012-9593},
   MRCLASS = {53B21},
  MRNUMBER = {644518},
MRREVIEWER = {V.\ W\"{u}nsch},
       URL = {http://www.numdam.org/item?id=ASENS_1981_4_14_3_249_0},
}
